@article{einstein,
    author          = {Albert Einstein},
    title           = {Zur Elektrodynamik bewegter K{\"o}rper. (German) [On the electrodynamics of moving bodies]},
    journaltitle    = {Annalen der Physik},
    year            = {1905},
    volume          = {322},
    number          = {10},
    pages           = {891-921},
    doi             = {http://dx.doi.org/10.1002/andp.19053221004}
}
 
@online{knuthwebsite,
    author          = {Donald Knuth},
    title           = {Knuth: Computers and Typesetting},
    year            = {1984},
    url             = {http://www-cs-faculty.stanford.edu/~uno/abcde.html}
}
 
@book{latexcompanion,
    author          = {Michel Goossens and Frank Mittelbach and Alexander Samarin},
    title           = {The \LaTeX\ Companion},
    year            = {1993},
    publisher       = {Addison-Wesley},
    location        = {Reading, Massachusetts}
}

@inbook{sectesting,
    author          = {Felderer, Michael and BÃ¼chler, Matthias and Johns, Martin and D. Brucker, Achim and Breu, Ruth and Pretschner, Alexander},
    year            = {2016},
    month           = {03},
    pages           = {1-51},
    title           = {Security Testing: A Survey},
    doi             = {10.1016/bs.adcom.2015.11.003}
}

@online{krypsys,
    author          = {KRYPSYS},
    title           = {Will Vulnerability Assessments \& Penetration Testing Find the Security Weaknesses in Your Systems?},
    year            = {2013},
    url             = {https://www.krypsys.com/news/will-vulnerability-assessments-and-penetration-testing-find-all-the-security-vulnerabilities-in-your-systems}
}

@online{specopssoft,
    author          = {Beaver, Kevin},
    title           = {What to Expect during Your next Penetration Test},
    year            = {2019},
    url             = {https://www.specopssoft.com/blog/what-to-expect-during-your-next-penetration-test}
}

@online{crest,
    author          = {Creasey, Jason},
    title           = {Will Vulnerability Assessments \& Penetration Testing Find the Security Weaknesses in Your Systems?},
    year            = {2013},
    url             = {https://crest-approved.org/wp-content/uploads/CREST-Penetration-Testing-Guide.pdf }
}

@online{notsosecure,
    author          = {Not So Secure},
    title           = {What to/not to expect from pentest},
    year            = {2012},
    url             = {https://www.notsosecure.com/what-tonot-to-expect-from-pentest/}
}

@inbook{accelerate_report,
    author = {Forsgren, Nicole},
    year = {2018},
    month = {},
    pages = {58-60},
    title = {Accelerate: State of DevOps, Strategies for a New Economy},
    doi = {}
}

@book{concepts,
    author = {Sebesta, Robert W.},
    title = {Concepts of Programming Languages},
    year = {2012},
    isbn = {0273769103, 9780273769101},
    edition = {10th},
    publisher = {Pearson}
} 

@book{Klabnik:2018:RPL:3271463,
    author = {Klabnik, Steve and Nichols, Carol},
    title = {The Rust Programming Language},
    year = {2018},
    isbn = {1593278284, 9781593278281},
    publisher = {No Starch Press},
    address = {San Francisco, CA, USA}
}

@book{Forsgren:2018:ASL:3235404,
    author = {Forsgren, Nicole and Humble, Jez and Kim, Gene},
    title = {Accelerate: The Science of Lean Software and DevOps Building and Scaling High Performing Technology Organizations},
    year = {2018},
    isbn = {1942788339, 9781942788331},
    edition = {1st},
    publisher = {IT Revolution Press}
}

@online{solidity_readthedocs,
    author          = {Ethereum Foundation},
    title           = {Solidity: Read the docs},
    year            = {2019},
    url             = {https://solidity.readthedocs.io/}
}

@online{Hertig:Alyssa:Coindesk,
    author          = {Hertig, Alyssa},
    title           = {Ethereum client bug freezes user funds as fallout remains uncertain},
    year            = {2017},
    url             = {https://www.coindesk.com/ethereum-client-bug-freezes-user-funds-fallout-remains-uncertain/}
}

@online{Pearson:Jordan:Motherboard,
    author  = {Pearson, Jordan},
    title   = {A hacker allegedly stole \$32 million in Ethereum},
    year    = {2017},
    url     = {https://motherboard.vice.com/en_us/article/zmvkke/this-is-not-a-drill-a-hacker-allegedly-stole-dollar32-million-in-ethereum}
}

@online{Vessenes:Peter:Vessenes,
    author  = {Vessenes, Peter},
    title   = {More Ethereum attacks: race-to-empty is the real deal},
    year    = {2016},
    url     = {http://vessenes.com/more-ethereum-attacks-race-to-empty-is-the-real-deal/}
}

@book{McGraw:2006:SSB:1121680,
    author = {McGraw, Gary},
    title = {Software Security: Building Security In},
    year = {2006},
    isbn = {0321356705},
    publisher = {Addison-Wesley Professional}
} 

@book{Shostack:2014:TMD:2829295,
    author = {Shostack, Adam},
    title = {Threat Modeling: Designing for Security},
    year = {2014},
    isbn = {1118809998, 9781118809990},
    edition = {1st},
    publisher = {Wiley Publishing}
} 

@book{Hoglund:2004:ESB:984253,
    author = {Hoglund, Greg and McGraw, Gary},
    title = {Exploiting Software: How to Break Code},
    year = {2004},
    isbn = {0201786958},
    publisher = {Pearson Higher Education}
}

@book{Howard:2009:DSS:1594832,
    author = {Howard, Michael and LeBlanc, David and Viega, John},
    title = {24 Deadly Sins of Software Security: Programming Flaws and How to Fix Them},
    year = {2010},
    isbn = {0071626751, 9780071626750},
    edition = {1},
    publisher = {McGraw-Hill, Inc.},
    address = {New York, NY, USA},
} 

@book{Klein:2011:BHD:2823924,
    author = {Klein, Tobias},
    title = {A Bug Hunter's Diary: A Guided Tour Through the Wilds of Software Security},
    year = {2011},
    isbn = {1593273851, 9781593273859},
    edition = {1st},
    publisher = {No Starch Press},
    address = {San Francisco, CA, USA},
}

@book{Allen:2008:SSE:1386212,
    author = {Allen, Julia H. and Barnum, Sean and Ellison, Robert J. and McGraw, Gary and Mead, Nancy R.},
    title = {Software Security Engineering: A Guide for Project Managers (The SEI Series in Software Engineering)},
    year = {2008},
    isbn = {032150917X, 9780321509178},
    edition = {1},
    publisher = {Addison-Wesley Professional},
} 

@book{Wysopal:2006:ASS:1196390,
    author = {Wysopal, Chris and Nelson, Lucas and Zovi, Dino Dai and Dustin, Elfriede},
    title = {The Art of Software Security Testing: Identifying Software Security Flaws (Symantec Press)},
    year = {2006},
    isbn = {0321304861},
    publisher = {Addison-Wesley Professional},
} 

@book{Ransome:2013:CSS:2613389,
    author = {Ransome, James and Misra, Anmol},
    title = {Core Software Security: Security at the Source},
    year = {2013},
    isbn = {1466560959, 9781466560956},
    publisher = {Auerbach Publications},
    address = {Boston, MA, USA},
} 

@article{McGraw:2015:SSB:2675327.2675329,
    author = {McGraw, Gary},
    title = {Software Security and the Building Security in Maturity Model (BSIMM)},
    journal = {J. Comput. Sci. Coll.},
    issue_date = {January 2015},
    volume = {30},
    number = {3},
    month = jan,
    year = {2015},
    issn = {1937-4771},
    pages = {7--8},
    numpages = {2},
    url = {http://dl.acm.org/citation.cfm?id=2675327.2675329},
    acmid = {2675329},
    publisher = {Consortium for Computing Sciences in Colleges},
    address = {USA},
}

@online{OWASP:AVSP,
    author  = {OWASP},
    title   = {Application Security Verification StandardSoftware Assurance Maturity Model},
    year     = {2019},
    url     = {https://www.owasp.org/index.php/Category:OWASP_Application_Security_Verification_Standard_Project}
}

@online{OWASP:OpenSAMM,
    author  = {OWASP},
    title   = {Software Assurance Maturity Model},
    year     = {2019},
    url     = {https://www.opensamm.org/}
}

@book{Dowd:2006:ASS:1196394,
    author = {Dowd, Mark and McDonald, John and Schuh, Justin},
    title = {The Art of Software Security Assessment: Identifying and Preventing Software Vulnerabilities},
    year = {2006},
    isbn = {0321444426},
    publisher = {Addison-Wesley Professional},
} 

@article{Highsmith2001AgileSD,
    title={Agile Software Development: The Business of Innovation},
    author={Jim Highsmith and Alistair Cockburn},
    journal={IEEE Computer},
    year={2001},
    volume={34},
    pages={120-122}
}

@article{GaryMcGrawSoftwareSecurity,
    author = {McGraw, Gary},
    year = {2004},
    month = {04},
    pages = {80 - 83},
    title = {Software Security},
    volume = {2},
    journal = {Security \& Privacy, IEEE},
    doi = {10.1109/MSECP.2004.1281254}
}

@book{TheSDLCMicrosoft,
    author = {Howard, Michael and Lipner, Steve},
    year = {2006},
    month = {06},
    pages = {},
    title = {The Security Development Lifecycle},
    volume = {34},
    isbn = {0735622140},
    journal = {Datenschutz Und Datensicherheit - Dud},
    doi = {10.1007/s11623-010-0021-7}
}

@article{SoftwarePenetrationTesting,
    author = {Arkin, B. and Stender, S. and McGraw, G.},
    year = {2005},
    month = {02},
    pages = {84 - 87},
    title = {Software penetration testing},
    volume = {3},
    journal = {Security \& Privacy, IEEE},
    doi = {10.1109/MSP.2005.23}
}

@online{Manicode:SSDLC,
    author  = {Jim Manicode},
    title   = {Secure Software Development Life Cycle},
    year     = {2017},
    url     = {https://www.youtube.com/watch?v=M7qMP3C5bkU/}
}

@book{ries2012metodo,
    title={El m{\'e}todo Lean Startup: C{\'o}mo crear empresas de {\'e}xito utilizando la innovaci{\'o}n continua},
    author={Ries, E. and Juli{\'a}n, J.S.},
    isbn={9788423409495},
    series={Biblioteca empresarial Deusto},
    url={https://books.google.com.ar/books?id=v3\_C4yd-wR4C},
    year={2012},
    publisher={Deusto}
}


@online{TrueCostSoftBugCelerity,
    title = {The True Cost of a Software Bug: Part One},
    author = {Leon, Janet},
    year = {2015},
    url = {blog.celerity.com/the-true-cost-of-a-software-bug}
}

@online{TrueCostSoftBugCBT,
    title = {Whatâs the True Cost of a Software Bug?},
    author = {McPeak, Alex},
    year = {2017},
    url = {crossbrowsertesting.com/blog/development/software-bug-cost}
}

@book{jones2008applied,
    title={Applied Software Measurement: Global Analysis of Productivity and Quality},
    author={Jones, C.},
    isbn={9780071643863},
    series={McGraw Hill professional},
    url={https://books.google.com.ar/books?id=mj7yQiQEusUC},
    year={2008},
    publisher={McGraw-Hill Education}
}

@book{mcconnell2004code,
    title={Code Complete},
    author={McConnell, S.},
    isbn={9780735619678},
    lccn={2004049981},
    series={Developer Best Practices Series},
    url={https://books.google.com.ar/books?id=QnghAQAAIAAJ},
    year={2004},
    publisher={Microsoft Press}
}

@book{mcconnell1996rapid,
  title={Rapid Development: Taming Wild Software Schedules},
  author={McConnell, S.},
  isbn={9781556159008},
  lccn={96021517},
  series={Best Practices Series},
  url={https://books.google.com.ar/books?id=qM4Yzf8K9hwC},
  year={1996},
  publisher={Microsoft Press}
}

@book{mcconnell2006software,
  title={Software Estimation: Demystifying the Black Art},
  author={McConnell, S.},
  isbn={9780735637030},
  series={Developer Best Practices},
  url={https://books.google.com.ar/books?id=U5VCAwAAQBAJ},
  year={2006},
  publisher={Pearson Education}
}


@online{TheAgileDifference,
    title = {The Agile Difference for SCM},
    author = {Appleton, Brad and Berczuk, Steve and Cowham, Robert.},
    year = {2005},
    publisher = {CM Crossroads},
    url = {https://www.cmcrossroads.com/article/agile-difference-scm}
}


@online{ambler2006agile,
    title = {Why Agile Software Development Techniques Work: Improved Feedback},
    author = {Ambler, Scott W. },
    year = {2006},
    publisher = {Ambysoft},
    url = {http://www.ambysoft.com/essays/whyAgileWorksFeedback.html}
}

@online{mcafeecsis,
    title = {Cybercrime hurting businesses to tune of \$600 billion},
    author = {McAfee and CSIS},
    year = {2018},
    publisher = {McAfee},
    url = {https://www.mcafee.com/enterprise/de-de/about/newsroom/press-releases/press-release.html?news_id=20180221005206}
}

@online{kasperskyHumanFactor,
    title = {The human factor in IT security},
    author = {Kaspersky Lab},
    year = {2018},
    url = {https://www.kaspersky.com/blog/the-human-factor-in-it-security/}
}


@online{theeconomistCyberChasm,
    title = {The cyber chasm: How the disconnect between the c-suite and security endangers the enterprise},
    author = {The Economist Intelligence Unit},
    year = {2018},
    url = {https://eiuperspectives.economist.com/technology-innovation/cyber-chasm-how-disconnect-between-c-suite-and-security-endangers-enterprise-0/infographic/cyber-attacks}
}

@incollection{FELDERER20161,
    title = "Chapter One - Security Testing: A Survey",
    editor = "Atif Memon",
    series = "Advances in Computers",
    publisher = "Elsevier",
    volume = "101",
    pages = "1 - 51",
    year = "2016",
    issn = "0065-2458",
    doi = "https://doi.org/10.1016/bs.adcom.2015.11.003",
    url = "http://www.sciencedirect.com/science/article/pii/S0065245815000649",
    author = "Michael Felderer and Matthias BÃ¼chler and Martin Johns and Achim D. Brucker and Ruth Breu and Alexander Pretschner"
}

@online{CodeCompassLink,
    title = {CodeCompass},
    url = {https://github.com/Ericsson/CodeCompass} 
}

@online{SourceInsightLink,
    title = {SourceInsight},
    url = {https://www.sourceinsight.com/} 
}

@online{UnderstandLink,
    title = {Understand},
    url = {https://scitools.com/} 
}

@online{SourceTrailLink,
    title = {SourceTrail},
    url = {https://www.sourcetrail.com/} 
}

@online{clangLink,
    title = {Clang},
    url = {http://clang.llvm.org/} 
}

@online{coverityLink,
    title = {Coverity},
    url = {http://www.coverity.com/} 
}

@online{cppcheckLink,
    title = {cppCheck},
    url = {http://cppcheck.sourceforge.net/} 
}

@online{codesonnarLink,
    title = {CodeSonnar},
    url = {https://www.grammatech.com/products/codesonar} 
}

@online{inferLink,
    title = {Infer},
    url = {https://github.com/facebook/infer} 
}

@online{awesomeStaticList,
    title = {Awesome Static Analysis},
    url = {https://github.com/mre/awesome-static-analysis#multiple-languages-1} 
}

@online{radare2Link,
    title = {Radare2},
    url = {https://rada.re/} 
}

@online{gdbLink,
    title = {gdb},
    url = {https://www.gnu.org/s/gdb/} 
}

@online{lldbLink,
    title = {lldb},
    url = {https://lldb.llvm.org/} 
}

@online{windbgLink,
    title = {Windbg},
    url = {http://www.windbg.org/} 
}

@online{ollydbgLink,
    title = {Ollydbg},
    url = {http://www.ollydbg.de/} 
}

@online{binnaviLink,
    title = {Binnavi},
    url = {https://github.com/google/binnavi} 
}

@online{capstoneLink,
    title = {Capstone},
    url = {https://github.com/aquynh/capstone} 
}

@online{idaproLink,
    title = {Ida Pro},
    url = {https://www.hex-rays.com/products/ida/} 
}

@online{binaryninjaLink,
    title = {Binary Ninja},
    url = {https://binary.ninja/} 
}

@online{ghidraLink,
    title = {Ghidra},
    url = {https://ghidra-sre.org/} 
}

@online{aflLink,
    title = {AFL},
    url = {http://lcamtuf.coredump.cx/afl/} 
}

@online{radamsaLink,
    title = {Radamsa},
    url = {https://github.com/aoh/radamsa} 
}

@online{grammarinatorLink,
    title = {Grammarinator},
    url = {https://github.com/renatahodovan/grammarinator} 
}

@online{honggfuzzLink,
    title = {Honggfuzz},
    url = {https://github.com/google/honggfuzz} 
}

@online{awesomeFuzzlist,
    title = {Awesome Fuzzing},
    url = {https://github.com/secfigo/Awesome-Fuzzing} 
}

@book{aho1990compiladores,
    title={Compiladores: principios, t{\'e}cnicas y herramientas},
    author={Aho, A.V. and Sethi, R. and Ullman, J.D. and Su{\'a}rez, P.F.},
    isbn={9789684443334},
    series={Compiladores: principios, t{\'e}cnicas y herramientas},
    url={https://books.google.com.ar/books?id=yG6qJBAnE9UC},
    year={1990},
    publisher={Pearson Educaci{\'o}n}
}

@book{srikant2002compiler,
  title={The Compiler Design Handbook: Optimizations and Machine Code Generation},
  author={Srikant, Y.N. and Shankar, P.},
  isbn={9781420040579},
  lccn={2002067413},
  url={https://books.google.com.ar/books?id=0K\_jIsgyNpoC},
  year={2002},
  publisher={CRC Press}
}

@book{slonneger1995formal,
  title={Formal Syntax and Semantics of Programming Languages: A Laboratory Based Approach},
  author={Slonneger, K. and Kurtz, B.L.},
  isbn={9780201656978},
  lccn={94004203},
  series={NATO Asi Series A. Life Sciences; 282},
  url={https://books.google.com.ar/books?id=HIRQAAAAMAAJ},
  year={1995},
  publisher={Addison-Wesley Publishing Company}
}


@book{aho1990compiladores,
  title={Compiladores: principios, t{\'e}cnicas y herramientas},
  author={Aho, A.V. and Sethi, R. and Ullman, J.D. and Su{\'a}rez, P.F.},
  isbn={9789684443334},
  series={Compiladores: principios, t{\'e}cnicas y herramientas},
  url={https://books.google.com.ar/books?id=yG6qJBAnE9UC},
  year={1990},
  publisher={Pearson Educaci{\'o}n}
}

@book{meduna2007elements,
  title={Elements of Compiler Design},
  author={Meduna, A.},
  isbn={9781420063233},
  lccn={2007040426},
  series={Computer science. Computer engineering. Computing},
  url={https://books.google.com.ar/books?id=kPIJaNyk404C},
  year={2007},
  publisher={Taylor \& Francis}
}

@book{appel2004modern,
  title={Modern Compiler Implementation in C},
  author={Appel, A.W. and Ginsburg, M.},
  isbn={9780521607650},
  url={https://books.google.com.ar/books?id=A3yqQuLW5RsC},
  year={2004},
  publisher={Cambridge University Press}
}

@book{morgan1998building,
  title={Building an optimizing compiler},
  author={Morgan, R.},
  url={https://books.google.com.ar/books?id=v1maoAEACAAJ},
  year={1998},
  publisher={Butterworth-Heinemann}
}

@book{terry1997compilers,
  title={Compilers and Compiler Generators: An Introduction with C++},
  author={Terry, P.},
  isbn={9781850322986},
  series={ITCP Computer Science Series},
  url={https://books.google.com.ar/books?id=p\_rFQgAACAAJ},
  year={1997},
  publisher={International Thomson Computer Press}
}

@book{grune2012modern,
  title={Modern Compiler Design},
  author={Grune, D. and van Reeuwijk, K. and Bal, H.E. and Jacobs, C.J.H. and Langendoen, K.},
  isbn={9781461446996},
  lccn={2012941168},
  url={https://books.google.com.ar/books?id=zkpFTBtK7a4C},
  year={2012},
  publisher={Springer New York}
}

@book{tremblay1985theory,
  title={The theory and practice of compiler writing},
  author={Tremblay, J.P. and Sorenson, P.G.},
  isbn={9780070651616},
  lccn={84025096},
  series={McGraw-Hill Computer Sciences Series},
  url={https://books.google.com.ar/books?id=MacmAAAAMAAJ},
  year={1985},
  publisher={McGraw-Hill Higher Education}
}

@book{lee1974anatomy,
  title={The Anatomy of a Compiler},
  author={Lee, J.A.N.},
  isbn={9780442247331},
  lccn={74010766},
  series={Computer Science Series - Van Nostrand Reinhold Company},
  url={https://books.google.com.ar/books?id=jCYuAAAAIAAJ},
  year={1974},
  publisher={Van Nostrand Reinhold Company}
}

@book{cooper2011engineering,
  title={Engineering a Compiler},
  author={Cooper, K. and Torczon, L.},
  isbn={9780080916613},
  url={https://books.google.com.ar/books?id=\_tgh4bgQ6PAC},
  year={2011},
  publisher={Elsevier Science}
}

@book{gupta2010compiler,
  title={Compiler Construction: 19th International Conference, CC 2010, Held as Part of the Joint European Conferences on Theory and Practice of Software, ETAPS 2010, Paphos, Cyprus, March 20-28, 2010. Proceedings},
  author={Gupta, R.},
  isbn={9783642119699},
  lccn={2010922288},
  series={Advanced research in computing and software science},
  url={https://books.google.com.ar/books?id=0gtXj16MtssC},
  year={2010},
  publisher={Springer}
}

@book{reps2007program,
  title={Program Analysis and Compilation, Theory and Practice: Essays Dedicated to Reinhard Wilhelm on the Occasion of His 60th Birthday},
  author={Reps, T. and Sagiv, M. and Bauer, J.},
  isbn={9783540713227},
  lccn={2007922986},
  series={Lecture Notes in Computer Science},
  url={https://books.google.com.ar/books?id=xIOIs\_7GCB8C},
  year={2007},
  publisher={Springer Berlin Heidelberg}
}

@book{mak2011writing,
  title={Writing Compilers and Interpreters: A Software Engineering Approach},
  author={Mak, R.},
  isbn={9781118079737},
  url={https://books.google.com.ar/books?id=EUs94gRZHEUC},
  year={2011},
  publisher={Wiley}
}

@book{midkiff2012automatic,
  title={Automatic Parallelization: An Overview of Fundamental Compiler Techniques},
  author={Midkiff, S.P.},
  isbn={9781608458417},
  series={Synthesis digital library of engineering and computer science},
  url={https://books.google.com.ar/books?id=Y7Ocm4IC6W8C},
  year={2012},
  publisher={Morgan \& Claypool Publishers}
}

@book{seidl2012compiler,
  title={Compiler Design: Analysis and Transformation},
  author={Seidl, H. and Wilhelm, R. and Hack, S.},
  isbn={9783642175480},
  lccn={2012940955},
  series={SpringerLink : B{\"u}cher},
  url={https://books.google.com.ar/books?id=zfKYi6O\_9WEC},
  year={2012},
  publisher={Springer Berlin Heidelberg}
}


@book{srikant2002compiler,
  title={The Compiler Design Handbook: Optimizations and Machine Code Generation},
  author={Srikant, Y.N. and Shankar, P.},
  isbn={9781420040579},
  lccn={2002067413},
  url={https://books.google.com.ar/books?id=0K\_jIsgyNpoC},
  year={2002},
  publisher={CRC Press}
}

@book{su2011principles,
  title={Principles of Compilers: A New Approach to Compilers Including the Algebraic Method},
  author={Su, Y. and Yan, S.Y.},
  isbn={9783642208355},
  url={https://books.google.com.ar/books?id=u5wkJ4R03d4C},
  year={2011},
  publisher={Springer Berlin Heidelberg}
}

@book{mogensen2017introduction,
  title={Introduction to Compiler Design},
  author={Mogensen, T.{\AE}.},
  isbn={9783319669663},
  series={Undergraduate Topics in Computer Science},
  url={https://books.google.com.ar/books?id=puo7DwAAQBAJ},
  year={2017},
  publisher={Springer International Publishing}
}


@book{dasnois2011haxe,
  title={HaXe 2 Beginner's Guide},
  author={Dasnois, B.},
  isbn={9781849512572},
  series={Community experience distilled},
  url={https://books.google.com.ar/books?id=sX-lOUrMJZ4C},
  year={2011},
  publisher={Packt Publishing}
}

@book{mccurdy2015haxe,
  title={Haxe Game Development Essentials},
  author={McCurdy, J.},
  isbn={9781785286919},
  url={https://books.google.com.ar/books?id=mfaoCwAAQBAJ},
  year={2015},
  publisher={Packt Publishing}
}

@book{klabnik2018rust,
  title={The Rust Programming Language},
  author={Klabnik, S. and Nichols, C.},
  isbn={9781593278519},
  lccn={2018019844},
  url={https://books.google.com.ar/books?id=lrgrDwAAQBAJ},
  year={2018},
  publisher={No Starch Press}
}

@book{matzinger2019hands,
  title={Hands-On Data Structures and Algorithms with Rust: Learn programming techniques to build effective, maintainable, and readable code in Rust 2018},
  author={Matzinger, C.},
  isbn={9781788991490},
  url={https://books.google.com.ar/books?id=gYKFDwAAQBAJ},
  year={2019},
  publisher={Packt Publishing}
}

@book{sharma2019mastering,
  title={Mastering Rust: Learn about memory safety, type system, concurrency, and the new features of Rust 2018 edition, 2nd Edition},
  author={Sharma, R. and Kaihlavirta, V.},
  isbn={9781789341188},
  url={https://books.google.com.ar/books?id=lGSGDwAAQBAJ},
  year={2019},
  publisher={Packt Publishing}
}

@book{donovan2015go,
  title={The Go Programming Language},
  author={Donovan, A.A.A. and Kernighan, B.W.},
  isbn={9780134190563},
  series={Addison-Wesley Professional Computing Series},
  url={https://books.google.com.ar/books?id=SJHvCgAAQBAJ},
  year={2015},
  publisher={Pearson Education}
}

@book{summerfield2012programming,
  title={Programming in Go: Creating Applications for the 21st Century},
  author={Summerfield, M.},
  isbn={9780132764094},
  series={Developer's Library},
  url={https://books.google.com.ar/books?id=HW-5SZ1HKusC},
  year={2012},
  publisher={Pearson Education}
}

@book{guney2018hands,
  title={Hands-On Go Programming: Explore Go by solving real-world challenges},
  author={Guney, T.},
  isbn={9781789534870},
  url={https://books.google.com.ar/books?id=bh9sDwAAQBAJ},
  year={2018},
  publisher={Packt Publishing}
}

@book{skeen2018kotlin,
  title={Kotlin Programming: The Big Nerd Ranch Guide},
  author={Skeen, J. and Greenhalgh, D.},
  isbn={9780135162361},
  series={Big Nerd Ranch Guides},
  url={https://books.google.com.ar/books?id=Ol9qDwAAQBAJ},
  year={2018},
  publisher={Pearson Education}
}

@book{adelekan2018kotlin,
  title={Kotlin Programming By Example: Build real-world Android and web applications the Kotlin way},
  author={Adelekan, I.},
  isbn={9781788479783},
  url={https://books.google.com.ar/books?id=OrZTDwAAQBAJ},
  year={2018},
  publisher={Packt Publishing}
}

@book{yousefkotlin,
  title={Kotlin Programming Language: JVM, Andrid, Browser and Server},
  author={Yousef, H.A.},
  url={https://books.google.com.ar/books?id=yNtRDwAAQBAJ},
  publisher={Oryx}
}

@online{mozillarustdoc,
    title = {Rust language},
    author = {Mozilla Research},
    url = {https://research.mozilla.org/rust/}
}

@online{mozillarustcdoc,
    title = {Guide to Rustc development},
    author = {Mozilla Research},
    url = {https://rust-lang.github.io/rustc-guide/}
}

@article{emmanuel2017newtrends,
    author = {Okon, Emmanuel},
    year = {2017},
    month = {05},
    pages = {},
    title = {The New Trends in Compiler Analysis and Optimizations},
    volume = {46},
    journal = {International Journal of computer trends and technology}
}

@book{srikant2018compiler,
    title={The Compiler Design Handbook: Optimizations and Machine Code Generation, Second Edition},
    author={Srikant, Y.N. and Shankar, P.},
    isbn={9781420043839},
    url={https://books.google.com.ar/books?id=1kqAv-uDEPEC},
    year={2018},
    publisher={CRC Press}
}

@book{bolc2012design,
  title={The Design of Interpreters, Compilers, and Editors for Augmented Transition Networks},
  author={Bolc, L.},
  isbn={9783642821226},
  series={Symbolic Computation},
  url={https://books.google.com.ar/books?id=xdX6CAAAQBAJ},
  year={2012},
  publisher={Springer Berlin Heidelberg}
}

@book{mak2011writing,
  title={Writing Compilers and Interpreters: A Software Engineering Approach},
  author={Mak, R.},
  isbn={9781118079737},
  url={https://books.google.com.ar/books?id=EUs94gRZHEUC},
  year={2011},
  publisher={Wiley}
}

@online{secenhancedcompilers,
    title = {Security Enhanced Compilers},
    publisher = {EMBECOSM},
    author = {Jeremy Bennett},
    year = {2017},
    url = {https://www.embecosm.com/2017/02/20/security-enhanced-compilers/}
}

@online{insecureoptOWASP,
    title = {Insecure Compiler Optimization},
    author = {OWASP},
    url = {https://www.owasp.org/index.php/Insecure_Compiler_Optimization}
}

@online{wikiseicmuedu,
    title = {Beware of compiler optimizations},
    url = {https://wiki.sei.cmu.edu/confluence/display/c/MSC06-C.+Beware+of+compiler+optimizations},
    author = {Microsoft}
}

@online{iscsansedukernelvuln,
    title = {A new fascinating Linux kernel vulnerability},
    url = {https://isc.sans.edu/forums/diary/A+new+fascinating+Linux+kernel+vulnerability/6820/},
    year = {2009},
    author = {Bojan}
}

@online{rubyvulns,
    title = {Ruby lang Security Vulnerabilities},
    author = {CVE details},
    url = {https://www.cvedetails.com/vulnerability-list/vendor_id-7252/product_id-12215/Ruby-lang-Ruby.html}
}

@online{phpvulns,
    title = {PHP Security Vulnerabilities},
    author = {CVE details},
    url = {https://www.cvedetails.com/product/128/PHP-PHP.html?vendor_id=74}
}

@online{pythonvulns,
    title = {Python Security Vulnerabilities},
    author = {CVE details},
    url = {https://www.cvedetails.com/product/18230/Python-Python.html?vendor_id=10210}
}


@article{briefhistorycryptoledger,
    title = {How It All Began: A Brief History On Bitcoin \& Cryptocurrencies},
    year = {2019},
    author = {Ledger},
    url = {https://www.ledger.com/how-it-all-began-a-brief-history-of-bitcoin-cryptocurrencies/}
}

@book{narayanan2016bitcoin,
  title={Bitcoin and Cryptocurrency Technologies: A Comprehensive Introduction},
  author={Narayanan, A. and Bonneau, J. and Felten, E. and Miller, A. and Goldfeder, S.},
  isbn={9780691171692},
  lccn={2016014802},
  url={https://books.google.com.ar/books?id=fW-YDwAAQBAJ},
  year={2016},
  publisher={Princeton University Press}
}

@online{101blockchains,
    title = {Historia de la blockchain},
    author = {101blockchains},
    url = {https://101blockchains.com/es/historia-de-la-blockchain/}
}

@online{miethereumvitalik,
    title = {Vitalik Buterin},
    author = {MiEthereum},
    url = {https://miethereum.com/vitalik-buterin/}
}

@online{101blockchainseth,
    title = {Â¿QuÃ© es Ethereum?},
    author = {101blockchains},
    url = {https://101blockchains.com/es/hyperledger-vs-corda-r3-vs-ethereum-la-guia/}
}

@online{soliditylink,
    title = {Solidity Read the docs},
    author = {Ethereum Foundation},
    url = {https://solidity.readthedocs.io}
}

@online{serpentlink,
    title = {Serpent's GitHub},
    author = {Ethereum Foundation},
    url = {https://github.com/ethereum/serpent}
}

@online{llllink,
    title = {LLL Compiler Documentation},
    author = {Ethereum Foundation},
    url = {https://lll-docs.readthedocs.io/en/latest/lll_introduction.html}
}

@online{mutanlink,
    title = {Mutan's GitHub},
    autor = {Obscuren},
    url = {https://github.com/obscuren/mutan}
}

@online{vyperlink,
    title = {Vyper Read the docs},
    autor = {Ethereum Foundation},
    url = {https://vyper.readthedocs.io/}
}

@online{blockstacklink,
    title = {Decentralized computing network and app ecosystem},
    autor = {Blockstack},
    url = {https://blockstack.org/}
}

@online{claritylink,
    title = {Introducing Clarity, a language for predictable smart contracts},
    autor = {Blockstack},
    url = {https://blog.blockstack.org/introducing-clarity-the-language-for-predictable-smart-contracts/}
}

@online{ethereumhowlink,
    title = {How Ethereum works},
    autor = {Ethereum Foundation},
    url = {https://www.ethereum.org/learn/#how-ethereum-works}
}

@online{coinmarketcap,
    title = {Cryptocurrency Market Capitalizations},
    url = {https://coinmarketcap.com/}
}


@online{dappradar,
    title = {DappRadar - Ranked list of blockchain dapps},
    url = {https://dappradar.com/rankings/}
}


@online{ledgerhackstime,
    title = {A timeline of major crypto-exchange hacks},
    url = {https://discover.ledger.com/hackstimeline/}
}


@online{daoattack,
    title = {Understanding The DAO Attack},
    author = {David Siegel},
    publisher = {Coindesk},
    year = {2016},
    url = {https://www.coindesk.com/understanding-dao-hack-journalists}
}

@online{parityheist,
    title = {30 million below Parity: Ethereum wallet bug fingered in mass heist},
    author = {Richard Chirgwin},
    year = {2017}, 
    publisher = {The Register},
    url = {https://www.theregister.co.uk/2017/07/20/us30_million_below_parity_ethereum_bug_leads_to_big_coin_heist/}
}


@online{parityfreeze,
    title = {Billetera Parity Multisig hackeada, o Â¿cÃ³mo es?},
    author = {Collis Aventinus},
    year = {2017}, 
    publisher = {Cointelegraph},
    url = {https://es.cointelegraph.com/news/parity-multisig-wallet-hacked-or-how-come}
}

